
@article{andel_variance_2012,
	title = {Variance of the game duration in the gambler’s ruin problem},
	volume = {82},
	issn = {0167-7152},
	url = {https://www.sciencedirect.com/science/article/pii/S0167715212001988},
	doi = {https://doi.org/10.1016/j.spl.2012.05.023},
	abstract = {We derive the variance of the duration of play in the classical gambler’s ruin problem of two players with ties allowed. The variance of the game duration for the three-tower problem, one of the possible extensions of the game for the case of three players, is presented as well.},
	number = {9},
	journal = {Statistics \& Probability Letters},
	author = {Anděl, Jiří and Hudecová, Šárka},
	year = {2012},
	keywords = {Gambler’s ruin, Ruin problem, Three-tower problem},
	pages = {1750--1754},
}
